%YAML 1.1
%TAG !u! tag:unity3d.com,2011:
--- !u!1 &2882706308269143573
GameObject:
  m_ObjectHideFlags: 0
  m_CorrespondingSourceObject: {fileID: 0}
  m_PrefabInstance: {fileID: 0}
  m_PrefabAsset: {fileID: 0}
  serializedVersion: 6
  m_Component:
  - component: {fileID: 164378707447082053}
  - component: {fileID: 5769683696141206639}
  - component: {fileID: 6824676263063129259}
  - component: {fileID: 2882706308269143574}
  - component: {fileID: 2377410790807200063}
  m_Layer: 0
  m_Name: Grass.Card.001
  m_TagString: Untagged
  m_Icon: {fileID: 0}
  m_NavMeshLayer: 0
  m_StaticEditorFlags: 0
  m_IsActive: 1
--- !u!4 &164378707447082053
Transform:
  m_ObjectHideFlags: 0
  m_CorrespondingSourceObject: {fileID: 0}
  m_PrefabInstance: {fileID: 0}
  m_PrefabAsset: {fileID: 0}
  m_GameObject: {fileID: 2882706308269143573}
  m_LocalRotation: {x: 0, y: 0, z: 0, w: 1}
  m_LocalPosition: {x: 0, y: 0, z: 0}
  m_LocalScale: {x: 0.5, y: 0.5, z: 0.5}
  m_Children: []
  m_Father: {fileID: 0}
  m_RootOrder: 0
  m_LocalEulerAnglesHint: {x: 0, y: 0, z: 0}
--- !u!33 &5769683696141206639
MeshFilter:
  m_ObjectHideFlags: 0
  m_CorrespondingSourceObject: {fileID: 0}
  m_PrefabInstance: {fileID: 0}
  m_PrefabAsset: {fileID: 0}
  m_GameObject: {fileID: 2882706308269143573}
  m_Mesh: {fileID: 0}
--- !u!23 &6824676263063129259
MeshRenderer:
  m_ObjectHideFlags: 0
  m_CorrespondingSourceObject: {fileID: 0}
  m_PrefabInstance: {fileID: 0}
  m_PrefabAsset: {fileID: 0}
  m_GameObject: {fileID: 2882706308269143573}
  m_Enabled: 1
  m_CastShadows: 1
  m_ReceiveShadows: 1
  m_DynamicOccludee: 1
  m_MotionVectors: 1
  m_LightProbeUsage: 1
  m_ReflectionProbeUsage: 1
  m_RayTracingMode: 2
  m_RayTraceProcedural: 0
  m_RenderingLayerMask: 1
  m_RendererPriority: 0
  m_Materials:
  - {fileID: 2100000, guid: 31cc123c790f00e4085dc76054796a6a, type: 2}
  m_StaticBatchInfo:
    firstSubMesh: 0
    subMeshCount: 0
  m_StaticBatchRoot: {fileID: 0}
  m_ProbeAnchor: {fileID: 0}
  m_LightProbeVolumeOverride: {fileID: 0}
  m_ScaleInLightmap: 1
  m_ReceiveGI: 1
  m_PreserveUVs: 0
  m_IgnoreNormalsForChartDetection: 0
  m_ImportantGI: 0
  m_StitchLightmapSeams: 1
  m_SelectedEditorRenderState: 3
  m_MinimumChartSize: 4
  m_AutoUVMaxDistance: 0.5
  m_AutoUVMaxAngle: 89
  m_LightmapParameters: {fileID: 0}
  m_SortingLayerID: 0
  m_SortingLayer: 0
  m_SortingOrder: 0
  m_AdditionalVertexStreams: {fileID: 0}
--- !u!114 &2882706308269143574
MonoBehaviour:
  m_ObjectHideFlags: 0
  m_CorrespondingSourceObject: {fileID: 0}
  m_PrefabInstance: {fileID: 0}
  m_PrefabAsset: {fileID: 0}
  m_GameObject: {fileID: 2882706308269143573}
  m_Enabled: 1
  m_EditorHideFlags: 0
  m_Script: {fileID: 11500000, guid: b5a7562165aa1984283c85a8e89d6455, type: 3}
  m_Name: 
  m_EditorClassIdentifier: 
  cam: {fileID: 0}
  aroundZOnly: 0
  inverseForward: 0
  additionalRot: {x: 90, y: 0, z: 0}
--- !u!114 &2377410790807200063
MonoBehaviour:
  m_ObjectHideFlags: 0
  m_CorrespondingSourceObject: {fileID: 0}
  m_PrefabInstance: {fileID: 0}
  m_PrefabAsset: {fileID: 0}
  m_GameObject: {fileID: 2882706308269143573}
  m_Enabled: 1
  m_EditorHideFlags: 0
  m_Script: {fileID: 11500000, guid: 4bd5e5ddd242bd64581fb5ed9c0e0507, type: 3}
  m_Name: 
  m_EditorClassIdentifier: 
  m_PolyMesh:
    name: Grass.Card.001
    vertices:
    - {x: 1, y: -0.00000004371139, z: 0}
    - {x: 1, y: -0.00000004371139, z: -2}
    - {x: -1, y: -0.00000004371139, z: -2}
    - {x: -1, y: -0.00000004371139, z: 0}
    normals:
    - {x: 0, y: 1, z: 0}
    - {x: 0, y: 1, z: 0}
    - {x: 0, y: 1, z: 0}
    - {x: 0, y: 1, z: 0}
    colors: []
    tangents:
    - {x: 1, y: 0, z: 0, w: 1}
    - {x: 1, y: 0, z: 0, w: 1}
    - {x: 1, y: 0, z: 0, w: 1}
    - {x: 1, y: 0, z: 0, w: 1}
    uv0:
    - {x: 0.201208, y: 0.2997968, z: 0, w: 0}
    - {x: 0.201208, y: 0.39999565, z: 0, w: 0}
    - {x: 0.13382164, y: 0.39999565, z: 0, w: 0}
    - {x: 0.13382164, y: 0.2997968, z: 0, w: 0}
    uv1: []
    uv2: []
    uv3: []
    m_Triangles: 000000000100000002000000000000000200000003000000
    m_SubMeshes:
    - m_Indexes: 000000000100000002000000000000000200000003000000
      m_Topology: 0
    m_Mesh: {fileID: 0}
  m_SkinMeshRef: {fileID: 0}
  m_OriginalMeshObject: {fileID: 6306161488148205848, guid: d1b8dfc60ea200d4488326af4c76cc5e, type: 3}
  m_Mode: 0
