%YAML 1.1
%TAG !u! tag:unity3d.com,2011:
--- !u!1 &3747912634893827439
GameObject:
  m_ObjectHideFlags: 0
  m_CorrespondingSourceObject: {fileID: 0}
  m_PrefabInstance: {fileID: 0}
  m_PrefabAsset: {fileID: 0}
  serializedVersion: 6
  m_Component:
  - component: {fileID: 4690231438571358172}
  m_Layer: 0
  m_Name: Audio
  m_TagString: Untagged
  m_Icon: {fileID: 0}
  m_NavMeshLayer: 0
  m_StaticEditorFlags: 0
  m_IsActive: 1
--- !u!4 &4690231438571358172
Transform:
  m_ObjectHideFlags: 0
  m_CorrespondingSourceObject: {fileID: 0}
  m_PrefabInstance: {fileID: 0}
  m_PrefabAsset: {fileID: 0}
  m_GameObject: {fileID: 3747912634893827439}
  m_LocalRotation: {x: -0, y: -0, z: -0, w: 1}
  m_LocalPosition: {x: 0, y: 0, z: 0}
  m_LocalScale: {x: 1, y: 1, z: 1}
  m_Children:
  - {fileID: 4346324729318229735}
  m_Father: {fileID: 4112174558597191156}
  m_RootOrder: 11
  m_LocalEulerAnglesHint: {x: 0, y: 0, z: 0}
--- !u!114 &-9180299254520445665
MonoBehaviour:
  m_ObjectHideFlags: 0
  m_CorrespondingSourceObject: {fileID: 0}
  m_PrefabInstance: {fileID: 0}
  m_PrefabAsset: {fileID: 0}
  m_GameObject: {fileID: 3628406332427980622}
  m_Enabled: 1
  m_EditorHideFlags: 0
  m_Script: {fileID: 11500000, guid: 4ee9b0a1376017c43a45a84a8ce73b47, type: 3}
  m_Name: 
  m_EditorClassIdentifier: 
  character: {fileID: 0}
  animator: {fileID: 8066312167225839502}
  hardpoints:
    _keys: 000000000100000002000000030000000400000005000000060000000700000008000000
    _values:
    - {fileID: 7200289398259275686}
    - {fileID: 2297520254249811511}
    - {fileID: 6526624440027445204}
    - {fileID: 4630665250740606742}
    - {fileID: 2169532195635049174}
    - {fileID: 7105140195541389666}
    - {fileID: 1064525744820279987}
    - {fileID: 1531639493029928502}
    - {fileID: 7504739090874451038}
--- !u!114 &-1210855510380787541
MonoBehaviour:
  m_ObjectHideFlags: 0
  m_CorrespondingSourceObject: {fileID: 0}
  m_PrefabInstance: {fileID: 0}
  m_PrefabAsset: {fileID: 0}
  m_GameObject: {fileID: 3628406332427980622}
  m_Enabled: 1
  m_EditorHideFlags: 0
  m_Script: {fileID: 11500000, guid: 131862299bb448b42b310ca2a2f8be27, type: 3}
  m_Name: 
  m_EditorClassIdentifier: 
  body: {fileID: -9180299254520445665}
  defaultSound: {fileID: 667474743645974235}
--- !u!1 &4703053777359997091
GameObject:
  m_ObjectHideFlags: 0
  m_CorrespondingSourceObject: {fileID: 0}
  m_PrefabInstance: {fileID: 0}
  m_PrefabAsset: {fileID: 0}
  serializedVersion: 6
  m_Component:
  - component: {fileID: 4346324729318229735}
  - component: {fileID: 667474743645974235}
  - component: {fileID: 3891348989175686396}
  m_Layer: 0
  m_Name: Default
  m_TagString: Untagged
  m_Icon: {fileID: 0}
  m_NavMeshLayer: 0
  m_StaticEditorFlags: 0
  m_IsActive: 1
--- !u!4 &4346324729318229735
Transform:
  m_ObjectHideFlags: 0
  m_CorrespondingSourceObject: {fileID: 0}
  m_PrefabInstance: {fileID: 0}
  m_PrefabAsset: {fileID: 0}
  m_GameObject: {fileID: 4703053777359997091}
  m_LocalRotation: {x: -0, y: -0, z: -0, w: 1}
  m_LocalPosition: {x: 0, y: 0, z: 0}
  m_LocalScale: {x: 1, y: 1, z: 1}
  m_Children: []
  m_Father: {fileID: 4690231438571358172}
  m_RootOrder: 0
  m_LocalEulerAnglesHint: {x: 0, y: 0, z: 0}
--- !u!114 &667474743645974235
MonoBehaviour:
  m_ObjectHideFlags: 0
  m_CorrespondingSourceObject: {fileID: 0}
  m_PrefabInstance: {fileID: 0}
  m_PrefabAsset: {fileID: 0}
  m_GameObject: {fileID: 4703053777359997091}
  m_Enabled: 1
  m_EditorHideFlags: 0
  m_Script: {fileID: 11500000, guid: cabf706234f48b642b3c037886f1e434, type: 3}
  m_Name: 
  m_EditorClassIdentifier: 
  source: {fileID: 3891348989175686396}
  clips:
  - {fileID: 8300000, guid: 91b6d2ed84e5bd04b8d3ede1aa651dc7, type: 3}
  - {fileID: 8300000, guid: eb5a9994dd869934982686c403adec80, type: 3}
  playCondition: 0
--- !u!82 &3891348989175686396
AudioSource:
  m_ObjectHideFlags: 0
  m_CorrespondingSourceObject: {fileID: 0}
  m_PrefabInstance: {fileID: 0}
  m_PrefabAsset: {fileID: 0}
  m_GameObject: {fileID: 4703053777359997091}
  m_Enabled: 1
  serializedVersion: 4
  OutputAudioMixerGroup: {fileID: 8126281758085121509, guid: 5380cd07ef9d8c9498ce3a6284334c02, type: 2}
  m_audioClip: {fileID: 0}
  m_PlayOnAwake: 0
  m_Volume: 1
  m_Pitch: 1
  Loop: 0
  Mute: 0
  Spatialize: 0
  SpatializePostEffects: 0
  Priority: 128
  DopplerLevel: 1
  MinDistance: 1
  MaxDistance: 500
  Pan2D: 0
  rolloffMode: 0
  BypassEffects: 0
  BypassListenerEffects: 0
  BypassReverbZones: 0
  rolloffCustomCurve:
    serializedVersion: 2
    m_Curve:
    - serializedVersion: 3
      time: 0
      value: 1
      inSlope: 0
      outSlope: 0
      tangentMode: 0
      weightedMode: 0
      inWeight: 0.33333334
      outWeight: 0.33333334
    - serializedVersion: 3
      time: 1
      value: 0
      inSlope: 0
      outSlope: 0
      tangentMode: 0
      weightedMode: 0
      inWeight: 0.33333334
      outWeight: 0.33333334
    m_PreInfinity: 2
    m_PostInfinity: 2
    m_RotationOrder: 4
  panLevelCustomCurve:
    serializedVersion: 2
    m_Curve:
    - serializedVersion: 3
      time: 0
      value: 0
      inSlope: 0
      outSlope: 0
      tangentMode: 0
      weightedMode: 0
      inWeight: 0.33333334
      outWeight: 0.33333334
    m_PreInfinity: 2
    m_PostInfinity: 2
    m_RotationOrder: 4
  spreadCustomCurve:
    serializedVersion: 2
    m_Curve:
    - serializedVersion: 3
      time: 0
      value: 0
      inSlope: 0
      outSlope: 0
      tangentMode: 0
      weightedMode: 0
      inWeight: 0.33333334
      outWeight: 0.33333334
    m_PreInfinity: 2
    m_PostInfinity: 2
    m_RotationOrder: 4
  reverbZoneMixCustomCurve:
    serializedVersion: 2
    m_Curve:
    - serializedVersion: 3
      time: 0
      value: 1
      inSlope: 0
      outSlope: 0
      tangentMode: 0
      weightedMode: 0
      inWeight: 0.33333334
      outWeight: 0.33333334
    m_PreInfinity: 2
    m_PostInfinity: 2
    m_RotationOrder: 4
--- !u!1001 &4511438613592470047
PrefabInstance:
  m_ObjectHideFlags: 0
  serializedVersion: 2
  m_Modification:
    m_TransformParent: {fileID: 0}
    m_Modifications:
    - target: {fileID: -8679921383154817045, guid: 60da098a60df88e40b87cce092b4d426, type: 3}
      propertyPath: m_RootOrder
      value: 0
      objectReference: {fileID: 0}
    - target: {fileID: -8679921383154817045, guid: 60da098a60df88e40b87cce092b4d426, type: 3}
      propertyPath: m_LocalPosition.x
      value: 0
      objectReference: {fileID: 0}
    - target: {fileID: -8679921383154817045, guid: 60da098a60df88e40b87cce092b4d426, type: 3}
      propertyPath: m_LocalPosition.y
      value: 0
      objectReference: {fileID: 0}
    - target: {fileID: -8679921383154817045, guid: 60da098a60df88e40b87cce092b4d426, type: 3}
      propertyPath: m_LocalPosition.z
      value: 0
      objectReference: {fileID: 0}
    - target: {fileID: -8679921383154817045, guid: 60da098a60df88e40b87cce092b4d426, type: 3}
      propertyPath: m_LocalRotation.w
      value: 1
      objectReference: {fileID: 0}
    - target: {fileID: -8679921383154817045, guid: 60da098a60df88e40b87cce092b4d426, type: 3}
      propertyPath: m_LocalRotation.x
      value: 0
      objectReference: {fileID: 0}
    - target: {fileID: -8679921383154817045, guid: 60da098a60df88e40b87cce092b4d426, type: 3}
      propertyPath: m_LocalRotation.y
      value: 0
      objectReference: {fileID: 0}
    - target: {fileID: -8679921383154817045, guid: 60da098a60df88e40b87cce092b4d426, type: 3}
      propertyPath: m_LocalRotation.z
      value: 0
      objectReference: {fileID: 0}
    - target: {fileID: -8679921383154817045, guid: 60da098a60df88e40b87cce092b4d426, type: 3}
      propertyPath: m_LocalEulerAnglesHint.x
      value: 0
      objectReference: {fileID: 0}
    - target: {fileID: -8679921383154817045, guid: 60da098a60df88e40b87cce092b4d426, type: 3}
      propertyPath: m_LocalEulerAnglesHint.y
      value: 0
      objectReference: {fileID: 0}
    - target: {fileID: -8679921383154817045, guid: 60da098a60df88e40b87cce092b4d426, type: 3}
      propertyPath: m_LocalEulerAnglesHint.z
      value: 0
      objectReference: {fileID: 0}
    - target: {fileID: -7730075261853647636, guid: 60da098a60df88e40b87cce092b4d426, type: 3}
      propertyPath: m_IsActive
      value: 0
      objectReference: {fileID: 0}
    - target: {fileID: -7643989733085726667, guid: 60da098a60df88e40b87cce092b4d426, type: 3}
      propertyPath: m_IsActive
      value: 0
      objectReference: {fileID: 0}
    - target: {fileID: -186103295964745009, guid: 60da098a60df88e40b87cce092b4d426, type: 3}
      propertyPath: m_IsActive
      value: 0
      objectReference: {fileID: 0}
    - target: {fileID: 919132149155446097, guid: 60da098a60df88e40b87cce092b4d426, type: 3}
      propertyPath: m_Name
      value: PlayerBody
      objectReference: {fileID: 0}
    - target: {fileID: 2253642204691711036, guid: 60da098a60df88e40b87cce092b4d426, type: 3}
      propertyPath: m_IsActive
      value: 0
      objectReference: {fileID: 0}
    - target: {fileID: 5866666021909216657, guid: 60da098a60df88e40b87cce092b4d426, type: 3}
      propertyPath: m_Controller
      value: 
      objectReference: {fileID: 9100000, guid: 83f5981d79a066c42af9bf41fb951761, type: 2}
    - target: {fileID: 5866666021909216657, guid: 60da098a60df88e40b87cce092b4d426, type: 3}
      propertyPath: m_ApplyRootMotion
      value: 0
      objectReference: {fileID: 0}
    m_RemovedComponents: []
  m_SourcePrefab: {fileID: 100100000, guid: 60da098a60df88e40b87cce092b4d426, type: 3}
--- !u!1 &3628406332427980622 stripped
GameObject:
  m_CorrespondingSourceObject: {fileID: 919132149155446097, guid: 60da098a60df88e40b87cce092b4d426, type: 3}
  m_PrefabInstance: {fileID: 4511438613592470047}
  m_PrefabAsset: {fileID: 0}
--- !u!4 &4112174558597191156 stripped
Transform:
  m_CorrespondingSourceObject: {fileID: -8679921383154817045, guid: 60da098a60df88e40b87cce092b4d426, type: 3}
  m_PrefabInstance: {fileID: 4511438613592470047}
  m_PrefabAsset: {fileID: 0}
--- !u!95 &8066312167225839502 stripped
Animator:
  m_CorrespondingSourceObject: {fileID: 5866666021909216657, guid: 60da098a60df88e40b87cce092b4d426, type: 3}
  m_PrefabInstance: {fileID: 4511438613592470047}
  m_PrefabAsset: {fileID: 0}
--- !u!4 &7105140195541389666 stripped
Transform:
  m_CorrespondingSourceObject: {fileID: -2593687625098271875, guid: 60da098a60df88e40b87cce092b4d426, type: 3}
  m_PrefabInstance: {fileID: 4511438613592470047}
  m_PrefabAsset: {fileID: 0}
--- !u!4 &1531639493029928502 stripped
Transform:
  m_CorrespondingSourceObject: {fileID: -6063354155749413847, guid: 60da098a60df88e40b87cce092b4d426, type: 3}
  m_PrefabInstance: {fileID: 4511438613592470047}
  m_PrefabAsset: {fileID: 0}
--- !u!4 &1064525744820279987 stripped
Transform:
  m_CorrespondingSourceObject: {fileID: -5738099386740791124, guid: 60da098a60df88e40b87cce092b4d426, type: 3}
  m_PrefabInstance: {fileID: 4511438613592470047}
  m_PrefabAsset: {fileID: 0}
--- !u!4 &7504739090874451038 stripped
Transform:
  m_CorrespondingSourceObject: {fileID: 6250409095508506177, guid: 60da098a60df88e40b87cce092b4d426, type: 3}
  m_PrefabInstance: {fileID: 4511438613592470047}
  m_PrefabAsset: {fileID: 0}
--- !u!4 &2169532195635049174 stripped
Transform:
  m_CorrespondingSourceObject: {fileID: -6881390770214846263, guid: 60da098a60df88e40b87cce092b4d426, type: 3}
  m_PrefabInstance: {fileID: 4511438613592470047}
  m_PrefabAsset: {fileID: 0}
--- !u!4 &7200289398259275686 stripped
Transform:
  m_CorrespondingSourceObject: {fileID: 6734931530170869177, guid: 60da098a60df88e40b87cce092b4d426, type: 3}
  m_PrefabInstance: {fileID: 4511438613592470047}
  m_PrefabAsset: {fileID: 0}
--- !u!4 &4630665250740606742 stripped
Transform:
  m_CorrespondingSourceObject: {fileID: 9140253385185518857, guid: 60da098a60df88e40b87cce092b4d426, type: 3}
  m_PrefabInstance: {fileID: 4511438613592470047}
  m_PrefabAsset: {fileID: 0}
--- !u!4 &6526624440027445204 stripped
Transform:
  m_CorrespondingSourceObject: {fileID: 7208261743932278219, guid: 60da098a60df88e40b87cce092b4d426, type: 3}
  m_PrefabInstance: {fileID: 4511438613592470047}
  m_PrefabAsset: {fileID: 0}
--- !u!4 &2297520254249811511 stripped
Transform:
  m_CorrespondingSourceObject: {fileID: 2412161367050800168, guid: 60da098a60df88e40b87cce092b4d426, type: 3}
  m_PrefabInstance: {fileID: 4511438613592470047}
  m_PrefabAsset: {fileID: 0}
